<?xml version="1.0" encoding="UTF-8"?>
<record xmlns="http://www.loc.gov/MARC21/slim">
   <leader>02379cas a22005417a 4500</leader>
   <controlfield tag="001">1393881</controlfield>
   <controlfield tag="003">CaOOAMICUS</controlfield>
   <controlfield tag="005">19960403043937.0</controlfield>
   <controlfield tag="008">920311d19901991abcar        s0   a0eng  </controlfield>
   <datafield tag="016" ind1=" " ind2=" ">
      <subfield code="a"> 920821510  rev</subfield>
   </datafield>
   <datafield tag="022" ind1="0" ind2=" ">
      <subfield code="a">1189-3664</subfield>
   </datafield>
   <datafield tag="035" ind1=" " ind2=" ">
      <subfield code="a">ocm26290945</subfield>
   </datafield>
   <datafield tag="040" ind1=" " ind2=" ">
      <subfield code="a">CaOONL</subfield>
      <subfield code="b">eng</subfield>
      <subfield code="c">CaOONL</subfield>
      <subfield code="d">CaOONL</subfield>
      <subfield code="d">AEU</subfield>
   </datafield>
   <datafield tag="042" ind1=" " ind2=" ">
      <subfield code="a">nlc</subfield>
      <subfield code="a">isds/c</subfield>
   </datafield>
   <datafield tag="043" ind1=" " ind2=" ">
      <subfield code="a">n-cn-ab</subfield>
   </datafield>
   <datafield tag="082" ind1="0" ind2=" ">
      <subfield code="a">354.71230085/4</subfield>
      <subfield code="2">20</subfield>
   </datafield>
   <datafield tag="090" ind1=" " ind2=" ">
      <subfield code="a">GOV DOC CA2 AL MP 91M18</subfield>
   </datafield>
   <datafield tag="090" ind1=" " ind2=" ">
      <subfield code="a">PN 1993.5 C2 A48</subfield>
      <subfield code="b">AEU</subfield>
   </datafield>
   <datafield tag="090" ind1=" " ind2=" ">
      <subfield code="a">Annual Report</subfield>
      <subfield code="b">AEE</subfield>
   </datafield>
   <datafield tag="110" ind1="2" ind2=" ">
      <subfield code="a">Alberta Motion Picture Development Corporation.</subfield>
   </datafield>
   <datafield tag="210" ind1="0" ind2=" ">
      <subfield code="a">Corp. rev.</subfield>
      <subfield code="b">(Edmont.)</subfield>
   </datafield>
   <datafield tag="222" ind1=" " ind2="0">
      <subfield code="a">Corporate review</subfield>
      <subfield code="b">(Edmonton)</subfield>
   </datafield>
   <datafield tag="240" ind1="0" ind2="0">
      <subfield code="a">Corporate review.</subfield>
   </datafield>
   <datafield tag="245" ind1="0" ind2="0">
      <subfield code="a">Corporate review Alberta Motion Picture Development Corporation 1990</subfield>
   </datafield>
   <datafield tag="260" ind1=" " ind2=" ">
      <subfield code="a">Edmonton :</subfield>
      <subfield code="b">Alberta Motion Picture Development Corp.,</subfield>
      <subfield code="c">[1990]</subfield>
   </datafield>
   <datafield tag="300" ind1=" " ind2=" ">
      <subfield code="a">2 v. ;</subfield>
      <subfield code="c">28 cm.</subfield>
   </datafield>
   <datafield tag="310" ind1=" " ind2=" ">
      <subfield code="a">Annual.</subfield>
   </datafield>
   <datafield tag="362" ind1="1" ind2=" ">
      <subfield code="a">Began with 1989/1990; ceased with 1990/1991.</subfield>
   </datafield>
   <datafield tag="500" ind1=" " ind2=" ">
      <subfield code="a">Issue for 1990/1991 includes only the Financial statements portion of the Corporate review.</subfield>
   </datafield>
   <datafield tag="515" ind1=" " ind2=" ">
      <subfield code="a">Report year ends Mar. 31.</subfield>
   </datafield>
   <datafield tag="596" ind1=" " ind2=" ">
      <subfield code="a">2 38 43</subfield>
   </datafield>
   <datafield tag="610" ind1="2" ind2="0">
      <subfield code="a">Alberta Motion Picture Development Corporation</subfield>
      <subfield code="v">Periodicals.</subfield>
   </datafield>
   <datafield tag="650" ind1=" " ind2="0">
      <subfield code="a">Motion picture industry</subfield>
      <subfield code="z">Alberta</subfield>
      <subfield code="x">Finance</subfield>
      <subfield code="v">Periodicals.</subfield>
   </datafield>
   <datafield tag="740" ind1="0" ind2="2">
      <subfield code="a">Financial statements.</subfield>
   </datafield>
   <datafield tag="780" ind1="0" ind2="0">
      <subfield code="a">Alberta Motion Picture Development Corporation.</subfield>
      <subfield code="t">Annual report.</subfield>
      <subfield code="d">[Edmonton] : The Corporation, [1983-1989]</subfield>
      <subfield code="x">0828-0908</subfield>
      <subfield code="w">(CaOONL) 850807522  rev</subfield>
      <subfield code="w">(OCoLC)ocm12624433 </subfield>
      <subfield code="w">(OCoLC)ocm12624433 </subfield>
      <subfield code="w">(OCoLC)ocm12624433 </subfield>
      <subfield code="w">(OCoLC)ocm12624433 </subfield>
      <subfield code="w">(DLC)   85645600</subfield>
   </datafield>
   <datafield tag="785" ind1="0" ind2="0">
      <subfield code="a">Alberta Motion Picture Development Corporation.</subfield>
      <subfield code="s">Annual report (1992)</subfield>
      <subfield code="t">Annual report.</subfield>
      <subfield code="d">Edmonton : Alberta Motion Picture Development Corporation, [1992]-</subfield>
      <subfield code="x">1196-8672</subfield>
      <subfield code="w">(CaOONL) 968019781  </subfield>
      <subfield code="w">(OCoLC)ocm36279924</subfield>
   </datafield>
   <datafield tag="926" ind1=" " ind2=" ">
      <subfield code="a">AGL_CAP</subfield>
      <subfield code="b">ANNUALREPT</subfield>
      <subfield code="c">Annual Report 1989/1990</subfield>
      <subfield code="d">PERIODICAL</subfield>
      <subfield code="f">1</subfield>
   </datafield>
   <datafield tag="926" ind1=" " ind2=" ">
      <subfield code="a">AGL_CAP</subfield>
      <subfield code="b">ANNUALREPT</subfield>
      <subfield code="c">Annual Report 1990/1991</subfield>
      <subfield code="d">PERIODICAL</subfield>
      <subfield code="f">1</subfield>
   </datafield>
   <datafield tag="926" ind1=" " ind2=" ">
      <subfield code="a">UABARD</subfield>
      <subfield code="b">ON_SHELF</subfield>
      <subfield code="c">PN 1993.5 C2 A48 1989/1990</subfield>
      <subfield code="d">BOOK</subfield>
      <subfield code="f">1</subfield>
   </datafield>
   <datafield tag="926" ind1=" " ind2=" ">
      <subfield code="a">UAHSS</subfield>
      <subfield code="b">ON_SHELF</subfield>
      <subfield code="c">GOV DOC CA2 AL MP A56 1990/1991</subfield>
      <subfield code="d">BOOK</subfield>
      <subfield code="f">1</subfield>
   </datafield>
   <datafield tag="927" ind1=" " ind2=" ">
      <subfield code="a">AGL_CAP</subfield>
   </datafield>
   <datafield tag="927" ind1=" " ind2=" ">
      <subfield code="b">Location</subfield>
      <subfield code="c">ANNUALREPT-- Shelved by government agency</subfield>
   </datafield>
   <datafield tag="927" ind1=" " ind2=" ">
      <subfield code="b">Library has</subfield>
      <subfield code="c">1989/1990-1990/1991</subfield>
   </datafield>
   <datafield tag="927" ind1=" " ind2=" ">
      <subfield code="a">UABARD</subfield>
   </datafield>
   <datafield tag="927" ind1=" " ind2=" ">
      <subfield code="b">Location</subfield>
      <subfield code="c">ON_SHELF-- PN 1993.5 C2 A48</subfield>
   </datafield>
   <datafield tag="927" ind1=" " ind2=" ">
      <subfield code="b">Library has</subfield>
      <subfield code="c">1989/1990</subfield>
   </datafield>
   <datafield tag="927" ind1=" " ind2=" ">
      <subfield code="a">UAHSS</subfield>
   </datafield>
   <datafield tag="927" ind1=" " ind2=" ">
      <subfield code="b">Location</subfield>
      <subfield code="c">ON_SHELF-- GOV DOC CA2 AL MP A56</subfield>
   </datafield>
   <datafield tag="927" ind1=" " ind2=" ">
      <subfield code="b">Library has</subfield>
      <subfield code="c">1990/1991</subfield>
   </datafield>
</record>
